@misc{itu2014,
  author       = "{Unión Internacional de Telecomunicaciones}",
  title        = "{Descripción general de Internet de los objetos}",
  year         = "2014",
  howpublished = "\url{https://www.itu.int/rec/dologin_pub.asp?lang=s&id=T-REC-Y.2060-201206-I!!PDF-S&type=items}",
  note         = "Recomendación UIT-T Y.2060. Impreso en Suiza, Ginebra, 2014.",
  copyright    = "Copyright UIT 2014"
}

@article{ashton2009,
  author       = "Ashton, Kevin",
  title        = "That 'Internet of Things' Thing",
  journal      = "RFID Journal",
  date         = "2009-06-22",
  url          = "http://www.rfidjournal.com/articles/view?4986",
  note         = "Archived at: \url{https://web.archive.org/web/20130415194522/http://www.rfidjournal.com/articles/view?4986}",
  urldate      = "2017-05-09"
}

@book{caldas2020,
  author       = "{Francisco José de Caldas}",
  title        = "{Modelo de comunicación basado en IoT para la transmisión de datos de estaciones meteorológicas}",
  year         = "2020",
  publisher    = "Editorial Universidad Distrital",
  location     = "Colombia",
  note         = "p. 16"
}

@Inbook{Herrero2023,
author="Herrero, Rolando",
title="Introduction to IoT Networking",
bookTitle="Practical Internet of Things Networking: Understanding IoT Layered Architecture",
year="2023",
publisher="Springer International Publishing",
address="Cham",
pages="3--26",
abstract="IoT networking, the main focus of this book, is key to enable the successful communication between devices and applications. However, because of device constraints and power as well as signal propagation limitations, this communication is not always efficient when carried out by means of traditional networking technologies. Specifically, in the context of IoT, the communication between devices and applications is the result of a number of technologies that have been adapted to overcome the limitations that affect devices and networks in IoT. To this end, this chapter introduces IoT and sets the tone for a broader discussion on IoT communication and networking technologies and protocols.",
isbn="978-3-031-28443-4",
doi="10.1007/978-3-031-28443-4_1",
url="https://doi.org/10.1007/978-3-031-28443-4_1"
}

@article{augustin2016,
  author       = "Augustin, A. and Yi, J. and Clausen, T. and Townsley, W. M.",
  title        = "A Study of LoRa: Long Range \& Low Power Networks for the Internet of Things",
  journal      = "Sensors (Basel)",
  year         = "2016",
  volume       = "16",
  number       = "9",
  pages        = "1466",
  month        = sep,
  doi          = "10.3390/s16091466",
  pmid         = "27618064",
  pmcid        = "PMC5038744"
}

@article{bouguera2018,
  author       = "Bouguera, Taoufik and Diouris, Jean-François and Chaillout, Jean-Jacques and Jaouadi, Randa and Andrieux, Guillaume",
  title        = "Energy Consumption Model for Sensor Nodes Based on LoRa and LoRaWAN",
  journal      = "Sensors",
  year         = "2018",
  volume       = "18",
  number       = "7",
  pages        = "2104",
  doi          = "10.3390/s18072104",
  url          = "https://www.mdpi.com/1424-8220/18/7/2104",
  publisher    = "MDPI",
  note         = "Submitted: 23 May 2018; Revised: 26 June 2018; Accepted: 27 June 2018; Published: 30 June 2018"
}

@article{sundaram2019,
  author       = "Shanmuga Sundaram, Jothi Prasanna and Du, Wan and Zhao, Zhiwei",
  title        = "A Survey on LoRa Networking: Research Problems, Current Solutions and Open Issues",
  journal      = "IEEE",
  year         = "2019",
  archivePrefix = "arXiv",
  eprint       = "1908.10195v1",
  primaryClass = "eess.SP",
  date         = "2019-08-24"
}

@inproceedings{wang2020,
  author       = "Wang, Zhe and Kong, Linghe and Xu, Kangjie and He, Liang and Wu, Kaishun and Chen, Guihai",
  title        = "Online Concurrent Transmissions at LoRa Gateway",
  booktitle    = "IEEE INFOCOM 2020 - IEEE Conference on Computer Communications",
  year         = "2020",
  pages        = "2331--2340",
  keywords     = "Chirp, Logic gates, Decoding, Interference, Throughput, Standards, Time-frequency analysis",
  doi          = "10.1109/INFOCOM41043.2020.9155433"
}

@inproceedings{10.1007/978-3-031-08878-0_6,
author="Phan, Van-Truyen
and Truong Minh, Xuan-Tung
and Truong, Van-Truong",
editor="Vo, Nguyen-Son
and Vien, Quoc-Tuan
and Ha, Dac-Binh",
title="Design and Performance Evaluation of Full-Duplex Relay Node in LoRaWAN-Based System",
booktitle="Industrial Networks and Intelligent Systems",
year="2022",
publisher="Springer International Publishing",
address="Cham",
pages="77--90",
abstract="In recent years, wireless sensor network (WSN) has attracted much attention from researchers and the industry. In particular, low power wide-area wireless network (LPWAN) protocols are widely applied in many fields thanks to their effective cost, long range, and energy efficiency. This study proposed a hardware design for a full-duplex relay node (FDRN) for relaying data from sensor nodes (SN) to the LoRaWAN gateway. Accordingly, we proposed the LLC-RTOS algorithm based on FreeRTOS to simultaneously receive, convert, and transmit LoRaWAN signals at FDRN. We proposed a novel LPWAN model based on LoRaWAN for application in WSNs by joining FDRN to the traditional 4-layer LoRaWAN model. Finally, we use the practical method to evaluate the system performance based on the packet loss percentage (PLP), and received signal strength indicator (RSSI) under three scenario: (a) single SN communicated with gateway via FDRN, (b) multiple SNs communicated with gateway via FDRN, and (c) multiple SNs communicated with gateway via multiple FDRNs. The obtained results show the efficiency of the FDRN design and the proposed model when the system can achieve a PLP less than 0.1{\%} and RSSI 100 dBm within a 4 km communication range.",
isbn="978-3-031-08878-0"
}

@article{morales2021,
  author       = "Morales-Alvarez, Juan P. and Rodriguez-Abdala, Viktor I. and Maciel-Barboza, Fermin M. R. and Castillo-Soria, Francisco R.",
  title        = "Descriptive survey of LoRaWAN and specific applications",
  journal      = "Revista de Difusión Científica, Ingeniería y Tecnologías, Universidad Autónoma de Zacatecas (UAZ)",
  volume       = "15",
  number       = "1",
  pages        = "",
  year         = "2021",
  month        = "apr",
  issn         = "2007-3585",
  note         = "Artículo arbitrado",
  url          = "",
  date         = "2021-04-30"
}

@online{pchan2018lorawan,
  title        = {LoRaWAN for IoT Applications},
  author       = {pchan},
  date         = {2018-04-24},
  url          = {https://community.element14.com/learn/learning-center/essentials/w/documents/3579/lorawan-for-iot-applications},
  urldate      = {2023-10-13},
  note         = {Last updated: 13 Oct 2023}
}

@misc{ttn_lorawan_spreading_factors,
    title        = {Spreading Factors},
    author       = {The Things Network},
    url          = {https://www.thethingsnetwork.org/docs/lorawan/spreading-factors/},
    summary     = {This document discusses how spreading factors affect data rate, time-on-air, battery life, and receiver sensitivity. Lower spreading factors mean faster chirps and therefore a higher data transmission rate. Larger spreading factors mean larger processing gain, and so a signal modulated with a larger spreading factor can be received with less errors compared to a signal with a lower spreading factor, and therefore travel a longer distance.   
 Higher spreading factors provide higher receiver sensitivity. Higher spreading factors result in longer active times for the radio transceivers and shorter battery life.},
}

@mastersthesis{estrada2019diseno,
  title = {Diseño de un nodo sensor para aplicaciones IoT},
  author = {Estrada Mendoza, Paula Mariana},
  school = {Universidad de Oviedo},
  year = {2019},
  month = {6},
  date = {26/06/2019},
  address = {Oviedo, España},
  keywords = {Internet de las Cosas, LoRa},
  abstract = {El presente trabajo de fin de Máster realizado durante el periodo de seis meses en IKERLAN, en conjunto con la Universidad de Oviedo, tiene como objetivo presentar el diseño de un nodo sensor inalámbrico que envía información utilizando la tecnología LoRa (por sus cifras en inglés Long Range). El nodo sensor diseñado para este proyecto monitorea parámetros de humedad y temperatura utilizando un sensor para la medición de éstos y un acelerómetro para determinar la posición del nodo, estos datos son enviados a través de un transceptor que trabaja con la tecnología LoRa en la banda de 868 MHz.},
  note = {Tesis de Máster. Máster Universitario en Ingeniería Mecatrónica},
  url = {http://hdl.handle.net/10651/51736},
  institution = {IKERLAN}
}

@book{thasjohn2023arduino,
  title={Arduino Data Communications: Learn how to configure databases, MQTT, REST APIs, and store data over LoRaWAN, HC-12, and GSM},
  author={Thas John, Robert},
  year={2023},
  publisher={Packt Publishing},
  isbn={9781837632619}
}

@book{escribano2021sistema,
  title={Sistema de monitorización y auxilio para personas con paraplejia basado en redes LoRAWAN},
  author={Escribano Guijo, José Antonio},
  year={2021},
  publisher={Editorial Inclusión},
  isbn={978-84-18992-63-6}
}

@book{monk2024programming,
  title={Programming ESP32: Learn MicroPython Coding and Electronics},
  author={Monk, S.},
  isbn={9781739487454},
  url={https://books.google.com.mx/books?id=jvbJ0AEACAAJ},
  year={2024},
  publisher={Amazon Digital Services LLC - Kdp}
}

@misc{nodemcu_esp32_starter_kit,
  title = {Starter Kit, NodeMCU ESP32},
  howpublished = {\url{https://www.puntoflotante.net/NODEMCU-ESP32-DEVKIT-V1-STARTER-KIT.htm]}},
  note = {Consultado el 6 de noviembre del 2024}
}

@misc{adafruit_rfm_radio,
  title = {Adafruit RFM69HCW and RFM9X LoRa Packet Radio Breakouts},
  author = {Adafruit Industries},
  url = {https://learn.adafruit.com/adafruit-rfm69hcw-and-rfm96-rfm95-rfm98-lora-packet-padio-breakouts},
  year = {2024},
  month = {jul},
  note = {Consultado el 6 de noviembre del 2024}
}

@misc{digikey_rtos,
  title = {Sistemas operativos en tiempo real (RTOS) y sus aplicaciones},
  author = {Lim, Jia Zhi},
  year = {2021},
  month = {feb},
  day = {25},
  howpublished = {DigiKey},
  url = {https://www.digikey.com.mx/es/articles/real-time-operating-systems-and-their-applications},
  note = {Accesado: 6 de noviembre de 2024}
}

@manual{aws_freertos_esp32,
  title = {FreeRTOS User Guide: Getting started with the Espressif ESP32-WROOM-32SE},
  author = {Amazon Web Services},
  year = {2024},
  month = {nov},
  day = {06},
  url = {https://docs.aws.amazon.com/freertos/latest/userguide/getting_started_esp32wroom-32se.html},
  note = {Accessed: 6 de noviembre de 2024}
}

@online{ladyada2016,
  author = {Eva Herrada, Brent Rubell},
  title = {Adafruit RFM69HCW and RFM9X LoRa Packet Radio Breakouts},
  year = {2016},
  url = {https://learn.adafruit.com/adafruit-rfm69hcw-and-rfm96-rfm95-rfm98-lora-packet-padio-breakouts},
  urldate = {15 de abril, 2016}
}

@online{jangromes2024,
  author = {Jan Gromeš},
  title = {Universal wireless communication library for embedded devices},
  year = {2024},
  url = {https://github.com/jgromes/RadioLib},
  urldate = {6 de noviembre, 2024}
}

@online{jangromes2020,
  author = {Jan Gromeš},
  title = {Arduino library for LoRa modules based on LoRa chips by Semtech},
  year = {2020},
  url = {https://github.com/jgromes/LoRaLib},
  urldate = {6 de julio, 2020}
}